<?xml version="1.0" encoding="UTF-8"?><collection xmlns="http://www.loc.gov/MARC21/slim"><record><leader>00476nam--2200169-i-4500</leader><controlfield tag="001">000046925</controlfield><controlfield tag="002">20161230</controlfield><controlfield tag="005">20161230201046</controlfield><controlfield tag="008">060222s1000------------r-----000-0-eng-d</controlfield><datafield ind1=" " ind2=" " tag="080"><subfield code="a">519.2</subfield></datafield><datafield ind1="1" ind2=" " tag="100"><subfield code="a">Wasan, M.T</subfield></datafield><datafield ind1="1" ind2="0" tag="245"><subfield code="a">Stochastic approximation</subfield><subfield code="c">M.T. Wasan</subfield></datafield><datafield ind1=" " ind2=" " tag="260"><subfield code="a">Cambridge, University Press, 1969</subfield></datafield><datafield ind1=" " ind2=" " tag="300"><subfield code="a">VIII+202P</subfield></datafield><datafield ind1=" " ind2=" " tag="490"><subfield code="a">Cambridge Tracts In Mathematics And Mathematical Physics</subfield><subfield code="v">Vol. 58</subfield></datafield><datafield ind1=" " ind2=" " tag="852"><subfield code="a">31075</subfield><subfield code="c">519.2</subfield></datafield><datafield ind1=" " ind2=" " tag="CAT"><subfield code="a">Sys</subfield><subfield code="c">20100521</subfield><subfield code="h">123319</subfield></datafield></record></collection>